@book{hastie01,
  Title                    = {The Elements of Statistical Learning},
Author                   = {Hastie, Trevor and Tibshirani, Robert and Friedman, Jerome and Hastie, T and Friedman, J and Tibshirani, R},
Publisher                = {Springer},
Year                     = {2009},
Edition                  = {2}
}

@article{lasso1996,
	Title                    = {Regression shrinkage and selection via the lasso},
	Author                   = {Tibshirani, Robert},
	Journal                  = {Journal of the Royal Statistical Society. Series B (Methodological)},
	Year                     = {1996},
	Number                   = {1},
	Pages                    = {267--288},
	Volume                   = {58}
}


